@article{Ranocha_2020,
	doi = {10.1137/19m1263480},
	url = {https://doi.org/10.1137%2F19m1263480},
	year = 2020,
	month = {jan},
	publisher = {Society for Industrial {\&} Applied Mathematics ({SIAM})},
	volume = {42},
	number = {2},
	pages = {A612--A638},
	author = {Hendrik Ranocha and Mohammed Sayyari and Lisandro Dalcin and Matteo Parsani and David I. Ketcheson},
	title = {Relaxation Runge--Kutta Methods: Fully Discrete Explicit Entropy-Stable Schemes for the Compressible Euler and Navier--Stokes Equations},
	journal = {{SIAM} Journal on Scientific Computing}
}

@misc{ketcheson2019relaxation,
      title={Relaxation Runge-Kutta Methods: Conservation and stability for Inner-Product Norms},
      author={David I. Ketcheson},
      year={2019},
      eprint={1905.09847},
      archivePrefix={arXiv},
      primaryClass={math.NA}
}

@article{Calvo,
author = {Calvo, M. and Hern\'{a}ndez-Abreu, D. and Montijano, J. I. and R\'{a}ndez, L.},
title = {On the Preservation of Invariants by Explicit Runge--Kutta Methods},
journal = {SIAM Journal on Scientific Computing},
volume = {28},
number = {3},
pages = {868-885},
year = {2006},
doi = {10.1137/04061979X},
URL = {https://doi.org/10.1137/04061979X},
}